@misc{raorondinaWP,
author="Akhil Rao and Giacomo Rondina",
title="Cost in Space: Debris and Collision Risk in the Orbital Commons",
journal="Working Paper",
note="Latest draft available at \url{https://akhilrao.github.io/assets/working_papers/Cost_in_Space.pdf}.",
year=2018
}

@misc{raoJMP,
author="Akhil Rao",
title="Economic Principles of Space Traffic Control",
journal="Working Paper",
note="Latest draft available at \url{https://akhilrao.github.io/assets/working_papers/Econ_Space_Traffic_Control.pdf}.",
year=2018
}

@ARTICLE{telser1980,
author= "L.G. Telser",
title= "A Theory of Self-Enforcing Agreements",
journal="Journal of Business",
volume="53",
issue="1",
pages="27-44",
month="January",
year=1980
}

@article{letiziaetal2017,
  title={Extending the ECOB space debris index with fragmentation risk estimation},
  author={Letizia, Francesca and Colombo, Camilla and Lewis, Hugh and Krag, Holger},
  year={2017},
  publisher={European Space Agency (ESA)}
}

@article{aruobaetal2006,
  title={Comparing solution methods for dynamic equilibrium economies},
  author={Aruoba, S Bora{\u{g}}an and Fernandez-Villaverde, Jesus and Rubio-Ramirez, Juan F},
  journal={Journal of Economic dynamics and Control},
  volume={30},
  number={12},
  pages={2477--2508},
  year={2006}
}

@article{chowtsitsiklis1991,
  title={An optimal one-way multigrid algorithm for discrete-time stochastic control},
  author={Chow, C-S and Tsitsiklis, John N},
  journal={IEEE transactions on automatic control},
  volume={36},
  number={8},
  pages={898--914},
  year={1991}
}

@ARTICLE{barrett2013,
author= "Scott Barrett",
title= "Climate treaties and approaching catastrophes",
journal="Journal of Environmental Economics and Management",
volume="66",
pages="235-250",
month="January",
year=2013
}

@ARTICLE{fischerfox2012,
author= "Carolyn Fischer and Alan K. Fox",
title= "Comparing policies to combat emissions leakage: Border carbon adjustments versus rebates",
journal="Journal of Environmental Economics and Management",
volume="64",
pages="199-216",
month="March",
year=2012
}

@ARTICLE{fowlie2009,
author= "Meredith L. Fowlie",
title= "Incomplete Environmental Regulation, Imperfect Competition, and Emissions Leakage",
journal="American Economic Journal: Economic Policy",
volume="1",
issue="2",
pages="72-112",
year=2009
}

@ARTICLE{brs2017,
author= "Christoph B{\"o}hringer and Knut Einar Rosendahl and Halvor Briseid Storr{\o}sten",
title= "Robust policies to mitigate carbon leakage",
journal="Journal of Public Economics",
volume="149",
pages="35-46",
month="March",
year=2017
}

@Inbook{barrett2005,
	author="Scott Barrett",
	title="The Theory of International Environmental Agreements",
	bookTitle="Handbook of Environmental Economics",
	year="2005",
	publisher="Elsevier B.V.",
	pages="1458--1512"
}

@techreport{ags2018wp,
 title = "Investment versus Output Subsidies: Implications of Alternative Incentives for Wind Energy",
 author = "Aldy, Joseph E and Gerarden, Todd D and Sweeney, Richard L",
 institution = "National Bureau of Economic Research",
 type = "Working Paper",
 series = "Working Paper Series",
 number = "24378",
 year = "2018",
 month = "March",
 doi = {10.3386/w24378},
 URL = "http://www.nber.org/papers/w24378"
}

@techreport{MSreport,
 title = "Space: Investment Implications of the Final Frontier",
 author = "Adam Jonas, Armintas Sinkevicius, Simon Flannery, Benjamin Swinburne, Patrick Wellington, Terence Tsui, Rajeev Lalwani, James E Faucette, Brian Nowak, Ravi Shanker, Kai Pan, Eva Zlotnicka",
 institution = "Morgan Stanley",
 year = "2017",
 month = "November",
 URL = "https://fa.morganstanley.com/griffithwheelwrightgroup/mediahandler/media/106686/Space_%20Investment%20Implications%20of%20the%20Final%20Frontier.pdf"
}

@article{IAMsummary,
author = {Wilkerson, Jordan and Leibowicz, Benjamin and Diaz, Delavane and Weyant, John},
year = {2015},
month = {01},
pages = {18-31},
title = {Comparison of Integrated Assessment Models: Carbon Price Impacts on U.S. Energy},
volume = {76},
journal = {Energy Policy},
doi = {10.1016/j.enpol.2014.10.011}
}

@article{parishmclaren1982,
  title={Relative cost-effectiveness of input and output subsidies},
  author={Parish, Ross M and McLaren, Keith Robert},
  journal={Australian Journal of Agricultural Economics},
  volume={26},
  number={1},
  pages={1--13},
  year={1982},
  publisher={Wiley Online Library}
}

@incollection{sweeneyHandbookChapter,
title = "Economic Theory of Depletable Resources: an Introduction",
editor = "Allen V. Kneese and James L. Sweeney",
series = "Handbook of Natural Resource and Energy Economics",
publisher = "Elsevier",
volume = "3",
pages = "759 - 854",
year = "1993",
issn = "1573-4439",
doi = "https://doi.org/10.1016/S1573-4439(05)80004-1",
url = "http://www.sciencedirect.com/science/article/pii/S1573443905800041",
author = "James L. Sweeney"
}

@ARTICLE{gps1993,
author= "Faruk Gul and David Pearce and Ennio Stacchetti",
title= "A Bound on the Proportion of Pure Strategy Equilibria in Generic Games",
journal="Mathematics of Operations Research",
volume="18",
issue="3",
pages="548-552",
month="August",
year=1993
}

@ARTICLE{shimabukuro2014,
author= "Alessandro Shimabukuro",
title= "No deal in space: A bargaining model analysis of U.S. resistance to space arms control",
journal="Space Policy",
volume="30",
pages="13-22",
month="April",
year=2014
}

@article{sandmo1978,
  title={Direct versus indirect Pigovian taxation},
  author={Sandmo, Agnar},
  journal={European Economic Review},
  volume={7},
  number={4},
  pages={337--349},
  year={1978},
  publisher={Elsevier}
}

@ARTICLE{wienzierl2018,
author= "Matthew Wienzierl",
title= "Space, the Final Economic Frontier",
journal="Journal of Economic Perspectives",
volume="32",
issue="2",
pages="173-192",
month="Spring",
year=2018
}

@ARTICLE{pcl2010,
	author= "J. Pearson and J. Carroll and E. Levin",
	title= "Active Debris Removal: EDDE, the ElectroDynamic Debris Eliminator",
	journal="Space Manufacturing",
	volume="14",
	month="October",
	year=2010
}

@inproceedings{carroll2009,
	author= "J. Carroll",
	title= "Bounties for orbital debris threat reduction",
	series="NASA-DARPA International Conference on Orbital Debris Removal",
	location="Chantilly, VA, USA",
	year=2009
}

@inproceedings{ECOBdata,
    author= "F. Letizia and S. Lemmens and H. Krag",
    title="Application of a debris index for global evaluation of mitigation strategies",
    series="69th International Astronautical Congress",
    location="Bremen, Germany",
    day="1-5",
    month="October",
    year="2018",
}



@ARTICLE{ansdell2010,
	author= "Megan Ansdell",
	title= "Active Space Debris Removal: Needs, Implications, and Recommendations for Today's Geopolitical Environment",
	journal="Journal of Public \& International Affairs",
	volume="21",
	pages="7-22",
	year=2010
}

@ARTICLE{scheraga1987,
	author= "Joel D. Scheraga",
	title= "Establishing Property Rights in Outer Space",
	journal="Cato Journal",
	volume="6",
	issue="3",
	pages="889-904",
	month="Winter",
	year=1987
}

@article{svensson2003,
  title={What is wrong with Taylor rules? Using judgment in monetary policy through targeting rules},
  author={Svensson, Lars EO},
  journal={Journal of Economic Literature},
  volume={41},
  number={2},
  pages={426--477},
  year={2003}
}

@Inbook{tkatchova2018,
	author="Tkatchova, Stella",
	title="Space Debris Mitigation ",
	bookTitle="Emerging Space Markets",
	year="2018",
	publisher="Springer Berlin Heidelberg",
	address="Berlin, Heidelberg",
	pages="93--105",
	abstract="Space debris is orbital waste from satellites or space stations and is defined as all nonfunctional, man-made objects, including fragments and elements thereof in Earth orbit and those re-entering the Earth's atmosphere. Man-made space debris dominates over the natural meteoroid environment, except around millimetre sizes (ESA, Space Debris 2013b). They consist of everything from the entire spent rocket stages and defunct satellites to explosion fragments, paint flakes, dust and slag from solid rocket motors, coolant released, deliberate insertion of small needles and other small particles (Smith 2007).",
	isbn="978-3-662-55669-6",
	doi="10.1007/978-3-662-55669-6_6",
	url="https://doi.org/10.1007/978-3-662-55669-6_6"
}

@article{newell2005,
  title={Managing permit markets to stabilize prices},
  author={Newell, Richard and Pizer, William and Zhang, Jiangfeng},
  journal={Environmental and Resource Economics},
  volume={31},
  number={2},
  pages={133--157},
  year={2005},
  publisher={Springer}
}

@ARTICLE{mergesreynolds2010,
	author= "Robert P. Merges and Glenn H. Reynolds",
	title= "Rules of the Road for Space?: Satellite Collisions and the Inadequacy of Current Space Law",
	journal="The Environmental Law Reporter (ELR) News\&Analysis",
	volume="40",
	issue="1",
	year=2010
}

@ARTICLE{gorove1969,
author= "Stephen Gorove",
title= "Interpreting Article II of the Outer Space Treaty",
journal="Fordham Law Review",
volume="37",
issue="3",
year=1969
}

@ARTICLE{macauley1998,
author= "Molly K Macauley",
title= "Allocation of Orbit and Spectrum Resources for Regional Communications: What's at Stake?",
journal="Journal of Law and Economics",
volume="41",
pages="737-764",
month="October",
year=1998
}

@ARTICLE{macauley2003,
author= "Molly K Macauley",
title= "Regulation on the Final Frontier",
journal="Regulation",
volume="26",
issue="2",
pages="36-41",
month="Summer",
year=2003
}

@ARTICLE{macauleyportney,
author= "Molly K Macauley and Paul R Portney",
title= "Slicing the Geostationary Pie: Property Rights in Orbit",
journal="AEI Journal on Regulation",
month="July/August",
year=1984
}

@ARTICLE{macauley2015,
author= "Molly K Macauley",
title= "The economics of space debris: Estimating the costs and benefits of debris mitigation",
journal="Acta Astronautica",
volume="115",
pages="160-164",
month="May",
year=2015
}

@ARTICLE{schaubetal2015,
author= "Hanspeter Schaub and Lee E.Z. Jasper and Paul V. Anderson and Darren S. McKnight",
title= "Cost and risk assessment for spacecraft operation decisions caused by the space debris environment",
journal="Acta Astronautica",
volume="113",
pages="66-79",
month="April",
year=2015
}

@ARTICLE{haveman1973,
author= "Robert H Haveman",
title= "Common Property, Congestion, and Environmental Pollution",
journal="The Quarterly Journal of Economics",
volume="87",
issue="2",
pages="278-287",
month="May",
year=1973
}

@ARTICLE{costellokaffine2008,
author= "Christopher J Costello and Daniel Kaffine",
title= "Natural resource use with limited-tenure property rights",
journal="Journal of Environmental Economics and Management",
volume="55",
issue="1",
pages="20-36",
month="January",
year=2008
}

@ARTICLE{kessler1,
author= "Donald J Kessler and Burton G Cour-Palais",
title= "Collision Frequency of Artificial Satellites: The Creation of a Debris Belt",
journal="Journal of Geophysical Research",
volume="83",
issue="A6",
pages="2637-2646",
month="June",
year=1978
}

@ARTICLE{kessler2,
author= "Donald J Kessler and Nicholas L Johnson and J-C Liou and Mark Matney",
title= "The Kessler Syndrome: Implications to Future Space Operations",
journal="33rd Annual AAS Guidance and Control Conference",
month="February",
year=2010
}

@ARTICLE{kessler3,
author= "Donald J Kessler and Phillip D. Anz-Meador",
title= "Critical Number of Spacecraft in Low-Earth Orbit: Using Satellite Fragmentation Data to Evaluate the Stability of the Orbital Debris Environment",
journal="Proceedings of the Third European Conference on Space Debris",
month="March",
year=2001
}

@ARTICLE{rossi1998,
author= "A. Rossi and L. Anselmo and A. Cordelli and P. Farinella and C. Pardini",
title= "Modelling the evolution of the space debris population",
journal="Planetary Space Science",
volume="46",
issue="11/12",
pages="1583-1596",
month="May",
year=1998
}

@ARTICLE{liouetal2004,
author= "J.C. Liou and D.T. Hall and P.H. Krisko and J.N. Opiela",
title= "LEGEND - a three-dimensional LEO-to-GEO debris evolutionary model",
journal="Advances in Space Research",
volume="34",
pages="981-986",
month="February",
year=2004
}

@ARTICLE{kelso1988,
	author= "Felix R. Hoots and Ronald L. Roehrich and TS Kelso",
	title= "SPACETRACK REPORT NO. 3: Models for Propagation of NORAD Element Sets",
	journal="Advances in Space Research",
	volume="34",
	pages="981-986",
	month="December",
	year=1988
}


@ARTICLE{arsSats,
author= "Jon Brodkin",
title= "With latency as low as 25ms, SpaceX to launch broadband satellites in 2019",
journal="Ars Technica",
howpublished="\url{https://arstechnica.com/information-technology/2017/05/spacexs-falcon-9-rocket-will-launch-thousands-of-broadband-satellites/}",
day="3",
month="May",
year=2017
}

@ARTICLE{spaceBees,
	author= "George Dvorsky",
	title= "California Startup Accused of Launching Unauthorized Satellites Into Orbit: Report",
	journal="Gizmodo",
	howpublished="\url{https://gizmodo.com/california-startup-accused-of-launching-unauthorized-sa-1823657316}",
	day="9",
	month="March",
	year=2018
}

@ARTICLE{wapoSats,
author= "Avi Selk",
title= "Thousands of tiny satellites are about to go into space and possibly ruin it forever",
journal="The Washington Post",
howpublished="\url{https://www.washingtonpost.com/news/speaking-of-science/wp/2017/04/21/thousands-of-tiny-satellites-are-about-to-go-into-space-and-possibly-ruin-it-forever}",
day="21",
month="April",
year=2017
}

@ARTICLE{lsmc2004,
author= "H.G. Lewis and G.G. Swinerd and C.E. Martin and W.S. Campbell",
title= "The stability of disposal orbits at super-synchronous altitudes",
journal="Acta Astronautica",
volume="55",
pages="299-310",
year=2004
}

@ARTICLE{jah2005,
author= "R. Jehn and V. Agapov and C. Hernandez",
title= "The situation in the geostationary ring",
journal="Advances in Space Research",
volume="35",
pages="1318-1327",
year=2005
}

@ARTICLE{lioujohnson2005,
author= "J.C. Liou and N.L. Johnson",
title= "A LEO satellite postmission disposal study using LEGEND",
journal="Acta Astronautica",
volume="57",
pages="324-329",
month="April",
year=2005
}

@ARTICLE{liou2006,
author= "J.C. Liou",
title= "A statistical analysis of the future debris environment",
journal="Acta Astronautica",
volume="62",
pages="264-271",
month="December",
year=2006
}

@ARTICLE{liou2006_2,
author= "J.C. Liou",
title= "Collision activities in the future orbital debris environment",
journal="Advances in Space Research",
volume="38",
pages="2102-2106",
year=2006
}

@ARTICLE{lioujohnson2008_soi,
author= "J.C. Liou and N.L. Johnson",
title= "Instability of the present LEO satellite populations",
journal="Advances in Space Research",
volume="41",
issue="7",
pages="1046-1053",
month="January",
year=2008
}

@ARTICLE{lioujohnson2009,
author= "J.C. Liou and N.L. Johnson",
title= "Characterization of the catalogued Fengyun-1C fragments and their long-term effect on the LEO environment",
journal="Advances in Space Research",
volume="43",
pages="1407-1415",
month="January",
year=2009
}

@article{johnson2004,
  title={Space traffic management concepts and practices},
  author={Johnson, Nicholas L},
  journal={Acta Astronautica},
  volume={55},
  number={3-9},
  pages={803--809},
  year={2004},
  publisher={Elsevier}
}

@ARTICLE{lioujohnson2009_2,
author= "J.C. Liou and N.L. Johnson",
title= "A sensitivity study of the effectiveness of active debris removal in LEO",
journal="Acta Astronautica",
volume="64",
pages="236-243",
month="August",
year=2009
}

@ARTICLE{bradleywein2009,
author= "Andrew M. Bradley and Lawrence M. Wein",
title= "Space debris: Assessing risk and responsibility",
journal="Advances in Space Research",
volume="43",
pages="1372-1390",
month="February",
year=2009
}

@INPROCEEDINGS{klinkradjohnson2005,
   author = {{Klinkrad}, H. and {Johnson}, N.~L.},
    title = "{Space Debris Environent Remediation Concepts}",
booktitle = {Fifth European Conference on Space Debris},
     year = 2009,
   series = {ESA Special Publication},
   volume = 672,
    month = mar,
      eid = {50},
    pages = {50},
   adsurl = {http://adsabs.harvard.edu/abs/2009ESASP.672E..50K},
  adsnote = {Provided by the SAO/NASA Astrophysics Data System}
}

@TECHREPORT{ailoretal,
author = "William Ailor and James Womack and Glenn Peterson and Norman Lao",
title = "Effects of Space Debris on the Cost of Space Operations",
number= "IAC-10.A6.2.10",
month="September",
year=2010
}

@ARTICLE{pallakingston2016,
author= "Chiara Palla and Jennifer Kingston",
title= "Forecast analyis on satellites that need de-orbit technologies: future scenarios for passive de-orbit devices",
journal="CEAS Space Journal",
pages="191-200",
month="May",
year=2016
}

@TECHREPORT{weedenIAC,
author = "Brian C Weeden",
title = "Overview of the Legal and Policy Challenges of Orbital Debris Removal",
number= "IAC-10.A6.2.10",
month="September",
year=2010
}

@ARTICLE{weedenchow2012,
author= "Brian C Weeden and Tiffany Chow",
title= "Taking a common-pool resources approach to space sustainability: A framework and potential policies",
journal="Space Policy",
volume="28",
pages="166-172",
month="July",
year=2012
}

@TECHREPORT{nordicity2010,
author= "Noelle Jones and Jan Skora and Calvin Monson and Robert W Jones and Stuart Jack and Kurt Eby",
title= "Study on the Global Practices for Assigning Satellite Licences and Other Elements",
month="November",
year=2010
}

@ARTICLE{salter2017,
author= "Alexander William Salter",
title= "Ordering the Cosmos: Private Law and Celestial Property Rights",
journal="Journal of Air Law and Commerce",
volume="82",
year=2017
}

@ARTICLE{salter2015,
author= "Alexander William Salter",
title= "Space Debris: A Law and Economics Analysis of the Orbital Commons",
journal="Mercatus Working Paper",
month="September",
year=2015
}

@ARTICLE{salterleeson2014,
author= "Alexander William Salter and Peter T Leeson",
title= "Celestial Anarchy",
journal="Cato Journal",
volume="34",
issue="3",
month="January",
year=2014
}

@Manual{stargazer,
 	title = {stargazer: Well-Formatted Regression and Summary
 	Statistics Tables},
 	author = {Marek Hlavac},
 	year = {2018},
 	note = {R package version 5.2.1},
 	organization = { Central European Labour Studies Institute (CELSI)},
 	address = {Bratislava, Slovakia},
 	url = {https://CRAN.R-project.org/package=stargazer},
}

@article{kellykolstad1999,
	title={Integrated assessment models for climate change control},
	author={Kelly, David L and Kolstad, Charles D},
	journal={International yearbook of environmental and resource economics},
	volume={2000},
	pages={171--197},
	year={1999}
}

@article{kvz2007,
	title={Managing the quality of a resource with stock and flow controls},
	author={Keohane, Nathaniel and Van Roy, Benjamin and Zeckhauser, Richard},
	journal={Journal of Public Economics},
	volume={91},
	pages={541--569},
	year={2007}
}

@article{mayeresetal1996,
	title={The marginal external costs of urban transport},
	author={Mayeres, Inge and Ochelen, Sara and Proost, Stef},
	journal={Transportation Research Part D: Transport and Environment},
	volume={1},
	number={2},
	pages={111--130},
	year={1996},
	publisher={Elsevier}
}

@article{walters1961,
	title={The theory and measurement of private and social cost of highway congestion},
	author={Walters, Alan A},
	journal={Econometrica: Journal of the Econometric Society},
	pages={676--699},
	year={1961},
	publisher={JSTOR}
}

@article{qingyuetal2007,
	title={Method research on measuring the external costs of urban traffic congestion},
	author={Qingyu, LUO and Zhicai, JUAN and Baofeng, SUN and Hongfei, JIA},
	journal={Journal of Transportation Systems Engineering and Information Technology},
	volume={7},
	number={5},
	pages={9--12},
	year={2007},
	publisher={Elsevier}
}

@book{roughgarden2005selfish,
	title={Selfish routing and the price of anarchy},
	author={Roughgarden, Tim},
	volume={174},
	year={2005},
	publisher={MIT press Cambridge}
}

@article{gairingetal2006,
	title={The price of anarchy for polynomial social cost},
	author={Gairing, Martin and L{\"u}cking, Thomas and Mavronicolas, Marios and Monien, Burkhard},
	journal={Theoretical Computer Science},
	volume={369},
	number={1-3},
	pages={116--135},
	year={2006},
	publisher={Elsevier}
}

@article{robinson2004,
	title={The price of anarchy},
	author={Robinson, Sara},
	journal={SIAM News},
	volume={37},
	number={5},
	pages={1--4},
	year={2004}
}

@inproceedings{roughgarden2009,
	author = {Roughgarden, Tim},
	title = {Intrinsic Robustness of the Price of Anarchy},
	booktitle = {Proceedings of the Forty-first Annual ACM Symposium on Theory of Computing},
	series = {STOC '09},
	year = {2009},
	isbn = {978-1-60558-506-2},
	location = {Bethesda, MD, USA},
	pages = {513--522},
	numpages = {10},
	url = {http://doi.acm.org/10.1145/1536414.1536485},
	doi = {10.1145/1536414.1536485},
	acmid = {1536485},
	publisher = {ACM},
	address = {New York, NY, USA},
	keywords = {congestion games, nash equilibria, price of anarchy, regret-minimizat},
}

@article{poaFirst,
	author = {Koutsoupias, Elias and Papadimitriou, Christos},
	title = {Worst-case Equilibria},
	journal = {Comput. Sci. Rev.},
	issue_date = {May, 2009},
	volume = {3},
	number = {2},
	month = may,
	year = {2009},
	issn = {1574-0137},
	pages = {65--69},
	numpages = {5},
	url = {http://dx.doi.org/10.1016/j.cosrev.2009.04.003},
	doi = {10.1016/j.cosrev.2009.04.003},
	acmid = {2296046},
	publisher = {Elsevier Science Publishers B. V.},
	address = {Amsterdam, The Netherlands, The Netherlands},
}

@article{monnotetal2017,
	title={How bad is selfish routing in practice?},
	author={Monnot, Barnab{\'e} and Benita, Francisco and Piliouras, Georgios},
	journal={arXiv preprint arXiv:1703.01599},
	year={2017}
}

@ARTICLE{senechal2007,
author= "Thierry Senechal",
title= "Orbital Debris: Drafting, Negotiating, Implementing a Convention",
journal="Masters Thesis",
month="June",
year=2007
}

@ARTICLE{aac2015,
author= "Nodir Adilov and Peter J. Alexander and Brendan M. Cunningham",
title= "Earth Orbit Debris: An Economic Model",
journal="Environmental and Resource Economics",
volume="60",
issue="1",
pages="81-98",
month="January",
year=2015
}

@misc{ta17data,
	author = "{TelAstra, Inc.}",
	year = "2017",
	title = "Communications Satellite Databases",
	note = "From TelAstra, Inc. at \url{http://telastra.com/} . The data shown here are from the 2017 edition, which is available through the CU Boulder Libraries.",
}

@misc{UCSdata,
author = "{Union of Concerned Scientists}",
year = "2018",
title = "UCS Satellite Database",
note = "From UCS at \url{https://www.ucsusa.org/nuclear-weapons/space-weapons/satellite-database}.",
}

@misc{spacetrackData,
author = "{Combined Space Operations Center}",
year = "2018",
title = "Space-Track.org Satellite Catalog",
note = "From Space-Track.org at \url{https://www.space-track.org/}.",
}

@misc{FRAGdata,
author = "{European Space Agency}",
year = "2018",
title = "DISCOS database",
note = "From ESA at \url{https://discosweb.esoc.esa.int/web/guest/home}.",
}

@ARTICLE{ODQNdata,
author = "{NASA Orbital Debris Program Office}",
year = "2017",
journal = "Orbital Debris Quarterly News",
volume= "21",
issue= "2",
month= "May",
note = "From \url{https://www.orbitaldebris.jsc.nasa.gov/quarterly-news/pdfs/odqnv21i2.pdf}.",
year = 2017
}

@misc{faatables,
	author = "{FAA Office of Commercial Space Transportation}",
	year = "2017",
	title = "Annual Compendium of Space Transportation",
	note = "Available from FAA OCST at \url{https://www.faa.gov/about/office_org/headquarters_offices/ast/new_publications/}. Yearly editions from 1996-2016 have tables, usually under ``FAA AST <year> Orbital Launch Activity'', which were manually coded.",
}

@ARTICLE{newellpizer2003,
	author= "Richard G. Newell and William A. Pizer",
	title= "Regulating stock externalities under uncertainty",
	journal="Journal of Environmental Economics and Management",
	volume="45",
	pages="416-432",
	year=2003
}

@ARTICLE{econorbit,
author= "Todd Sandler and William Schulze",
title= "The Economics of Outer Space",
journal="Natural Resources Journal",
volume="21",
pages="371-393",
month="April",
year=1981
}

@ARTICLE{forster,
author= "Bruce A Forster",
title="Optimal Energy Use in a Polluted Environment",
journal="Journal of Environmental Economics and Management",
volume="7",
pages="321-333",
year="1980",
}

@ARTICLE{kollenbergtaschini2016,
author= "Sascha Kollenberg and Luca Taschini",
title="Emissions trading systems with cap adjustments",
journal="Journal of Environmental Economics and Management",
volume="80",
pages="20-36",
year="2016",
}

@ARTICLE{kaffinehughes2017,
	author= "Daniel Kaffine and Jonathan Hughes",
	title="When is Increasing Consumption of Common Property Optimal? Sorting, Congestion and Entry in the Commons",
	journal="Journal of Environmental Economics and Management",
	volume="81",
	month="January",
	year="2017",
}

@ARTICLE{gordon1954,
title = {The Economic Theory of a Common-Property Resource: The Fishery},
author = {Gordon, H. Scott},
year = {1954},
journal = {Journal of Political Economy},
volume = {62}
}

@ARTICLE{scott1955,
title = {The Fishery: The Objectives of Sole Ownership},
author = {Anthony Scott},
year = {1955},
journal = {Journal of Political Economy},
volume = {62}
}

@ARTICLE{demsetz1967,
title = {Towards a Theory of Property Rights},
author = {Harold Demsetz},
year = {1967},
journal = {American Economic Review},
volume = {57},
issue={2}
}

@BOOK{natresecon,
author={Jon M. Conrad and Colin W. Clark},
title={Natural resource economics: Notes and problems},
publisher={Cambridge University Press},
year=1987
}

@ARTICLE{shallowlake2003,
author= "Karl-G{\''o}ran M{\''a}ler and Anastasios Xepapadeas and Aart de Zeeuw",
title= "The Economics of Shallow Lakes",
journal="Environmental and Resource Economics",
volume="26",
issue="4",
pages="603-624",
month="December",
year=2003
}

@ARTICLE{hein2006,
author= "Lars Hein",
title= "Cost-efficient eutrophication control in a shallow lake ecosystem subject to two steady states",
journal="Ecological Economics",
volume="15",
issue="4",
pages="429-439",
month="October",
year=2006
}

@ARTICLE{wagener2003,
author= "F O O Wagener",
title= "Skiba points and heteroclinic bifurcations, with applications to the shallow lake system",
journal="Journal of Economic Dynamics and Control",
volume="27",
issue="9",
pages="1533-1561",
month="July",
year=2003
}

@ARTICLE{kossioris_fbne,
author= "G Kossioris and M Plexousakis and A Xepapadeas and A de Zeeuw and K G Maler",
title= "Feedback Nash equilibria for non-linear differential games in pollution control",
journal="Journal of Economic Dynamics and Control",
volume="32",
pages="1312-1331",
month="June",
year=2008
}

@ARTICLE{kossioris_tax,
author= "G Kossioris and M Plexousakis and A Xepapadeas and A de Zeeuw",
title= "On the optimal taxation of common-pool resources",
journal="Journal of Economic Dynamics and Control",
volume="35",
pages="1868-1879",
month="June",
year=2011
}

@ARTICLE{pzw2011,
author= "Stephen Polasky and Aart de Zeeuw and Florian Wagener",
title= "Optimal management with potential regime shifts",
journal="Journal of Environmental Economics and Management",
volume="62",
pages="229-240",
month="May",
year=2011
}

@article{weitzman1974,
	title={Prices vs. Quantities},
	author={Weitzman, Martin L},
	journal={Review of Economic Studies},
	volume={41},
	number={4},
	pages={477--491},
	year={1974}
}

@article{weitzman2002,
  title={Landing fees vs harvest quotas with uncertain fish stocks},
  author={Weitzman, Martin L},
  journal={Journal of Environmental Economics and Management},
  volume={43},
  number={2},
  pages={325--338},
  year={2002},
  publisher={Elsevier}
}

@ARTICLE{akers2013,
author= "Agatha Akers",
title= "To Infinity and Beyond: Orbital Space Debris and How to Clean It Up",
journal="University of La Verne Law Review",
volume="33",
year=2012
}

@ARTICLE{sakamoto2014,
author= "Hiroaki Sakamoto",
title= "Dynamic resource management under the risk of regime shifts",
journal="Journal of Environmental Economics and Management",
volume="68",
pages="1-19",
month="May",
year=2014
}

@ARTICLE{fujiwara2011,
author= "Kenji Fujiwara",
title= "Losses from competition in a dynamic game model of a renewable resource oligopoly",
journal="Resource and Energy Economics",
volume="33",
pages="1-11",
month="May",
year=2009
}

@ARTICLE{briggs2011,
	author= "R.J. Briggs",
	title= "Prices vs. quantities in a dynamic problem: Externalities from resource extraction",
	journal="Resource and Energy Economics",
	volume="33",
	pages="843-854",
	month="May",
	year=2011
}

@ARTICLE{atallah2017,
author= "Samer Atallah",
title= "Strategic Choice of Market Instrument",
journal="Theoretical Economics Letters",
volume="7",
pages="1029-1042",
month="June",
year=2017
}

@ARTICLE{hansenjensen2017,
author= "Lars Garn Hansen and Frank Jensen",
title= "Regulating fisheries under uncertainty",
journal="Resource and Energy Economics",
volume="50",
pages="164-177",
month="September",
year=2017
}

@ARTICLE{salop1979,
author= "Steven C Salop",
title= "Monopolistic Competition with Outside Goods",
journal="The Bell Journal of Economics",
volume="10",
issue="1",
pages="141-156",
year=1979
}

@ARTICLE{marotto1978,
author= "Frederick R Marotto",
title= "Snap-Back Repellers Imply Chaos in $\mathbb{R}^n$",
journal="Journal of Mathematical Analysis and Applications",
volume="63",
pages="199-223",
year=1978
}

@ARTICLE{boldrinmontrucchio1986,
author= "Michele Boldrin and Luigi Montrucchio",
title= "On the indeterminacy of capital accumulation paths",
journal="Journal of Economic Theory",
volume="40",
issue="1",
pages="26-39",
year=1986
}

@ARTICLE{boldrinwoodford1990,
author= "Michele Boldrin and Michael Woodford",
title= "Equilibrium models displaying endogenous fluctuations and chaos: A survey",
journal="Journal of Monetary Economics",
volume="25",
issue="2",
pages="189-222",
year=1990
}

@BOOK{tirole1988,
author= "Jean Tirole",
title= "The Theory of Industrial Organization",
publisher="The MIT Press",
year=1988
}

@ARTICLE{ostrom2010,
author= "Elinor Ostrom",
title= "Beyond Markets and States: Polycentric Governance of Complex Economic Systems",
journal="American Economic Review",
volume="100",
year=2010
}

@TECHREPORT{nasaSS,
author = " NASA ",
title = "Guidelines and Assessment Procedures for Limiting Orbital Debris",
number= "1740.14",
month="August",
year=2005
}

@TECHREPORT{iadcDMG,
author = "IADC",
title = "IADC Space Debris Mitigation Guidelines",
number= "IADC-02-01",
month="September",
year=2007
}

